@book{sommerville_2008_se,
  author = {Sommerville, Ian},
  edition = {8},
  publisher = {Addison-Wesley},
  title = {Software engineering},
  year = {2008},
}

@misc{tpoint_2019_iterative_incremental,
  title = {SDLC - Iterative Incremental Model},
  url = {},
  year = {2019},
  organization = {Tutorialspoint.com},
}

@book{capersjones_2017_smethodologies,
  author = {Capers Jones},
  publisher = {Taylor \& Francis},
  title = {Software methodologies : a quantitative guide},
  year = {2017},
}

@misc{vparadigm_2018_uml,
  title = {UML, Agile, TOGAF, PMBOK, BPMN Guide},
  url = {https://www.visual-paradigm.com/guide/},
  year = {2018},
  organization = {www.visual-paradigm.com},
}

@misc{guru99_2019_mvc,
  month = {05},
  title = {MVC Tutorial for Beginners: What is, Architecture & Example},
  url = {https://www.guru99.com/mvc-tutorial.html},
  year = {2019},
  organization = {Guru99.com},
}

@book{rozentals_2015_typescript,
  author = {Rozentals, Nathan},
  publisher = {Packt Publishing},
  title = {Mastering TypeScript : build enterprise-ready, industrial strength web applications using TypeScript and
           leading JavaScript frameworks},
  year = {2015},
}

@book{alessandro_2019_visual_studio,
  author = {Alessandro Del Sole},
  publisher = {Berkeley, Ca Apress},
  title = {Visual Studio Code Distilled Evolved Code Editing for Windows, macOS, and Linux},
  year = {2019},
}

@book{vanier_2019_mysql8,
  author = {Vanier, Eric and Birju Shah and Tejaswi Malepati},
  publisher = {Packt},
  title = {Advanced MySQL 8 : discover the full potential of MySQL and ensure high performance of your database},
  year = {2019},
}

@book{mclaughlin_2013_mysql,
  author = {Mclaughlin, Michael},
  publisher = {Mcgraw-Hill Education},
  title = {MySQL workbench : data modeling and development},
  year = {2013},
}

@misc{vparadigm_2020_introduction,
  title = {What is Visual Paradigm?},
  url = {https://www.visual-paradigm.com/support/faq.jsp},
  year = {2020},
  organization = {www.visual-paradigm.com},
}

@book{azatmardan_2014_expressjs,
  author = {Azat Mardan},
  publisher = {Apress, New York, Ny},
  title = {Pro Express.js.},
  year = {2014},
}

@book{teixeira_2013_nodejs,
  author = {Teixeira, Pedro},
  publisher = {Indianapolis, Ind. Wiley, Wrox},
  title = {Professional Node.js building JavaScript-based scalable software},
  year = {2013},
}

@misc{tpoint_2020_typeorm,
  title = {TypeORM - Introduction},
  url = {https://www.tutorialspoint.com/typeorm/typeorm_quick_guide.htm},
  year = {2020},
  organization = {www.tutorialspoint.com},
}

@misc{chahal_2019_bootstrap,
  author = {Chahal, Param},
  month = {09},
  title = {What is Bootstrap?},
  url = {https://blog.templatetoaster.com/what-is-bootstrap/},
  year = {2019},
  organization = {TemplateToaster Blog},
}

@book{chaffer_2007_jquery,
  author = {Chaffer, Jonathan and Swedberg, Karl},
  publisher = {Packt},
  title = {Learning jQuery - better interaction desgin and web development with simple JavaScript techniques},
  year = {2007},
}

@book{hosch_2020_google_chrome,
  author = {Hosch, William},
  title = {Chrome - Internet browser},
  url = {https://www.britannica.com/technology/Chrome},
  year = {2020},
  organization = {Encyclop√¶dia Britannica},
}

@misc{margaretrouse_2017_windows10,
  author = {Margaret Rouse},
  title = {What is Microsoft Windows 10? },
  url = {https://searchenterprisedesktop.techtarget.com/definition/Windows-10},
  year = {2017},
  organization = {SearchEnterpriseDesktop},
}

@misc{ubuntu_2019_introduction,
  title = {What is Ubuntu?},
  url = {https://help.ubuntu.com/lts/installation-guide/s390x/ch01s01.html},
  year = {2019},
  organization = {Canonical},
}

@misc{tatum_2020_software_evaluation,
  author = {Tatum, Malcolm },
  month = {01},
  title = {What Is Software Evaluation?},
  url = {https://www.easytechjunkie.com/what-is-software-evaluation.htm},
  year = {2020},
  organization = {EasyTechJunkie},
}